\usepackage{url}

@article{PowerSpecta,
  title="The use of fast Fourier transform for the estimation of power spectra: a method based on time averaging over short, modified periodograms",
  author="Welch, P.",
  journal="IEEE Transactions on audio and electroacoustics",
  volume="15",
  number="2",
  pages="70--73",
  year="1967",
  publisher="IEEE"
}
@ARTICLE{SplitRadix,
author="Duhamel, P. and Hollmann, H.",
journal="Electronics Letters",
title="`Split radix' FFT algorithm",
year="1984",
volume="20",
number="1",
pages="14-16",
doi="10.1049/el:19840012",
ISSN="0013-5194",
month="January"

@INPROCEEDINGS{zero-padding,
author="Aamir, K. M. and Maud, M. A.  and Loan,A.",
booktitle="Proceedings of the IEEE Symposium on Emerging Technologies, 2005.",
title="On Cooley-Tukey FFT method for zero padded signals",
year="2005",
pages="41-45",
doi="10.1109/ICET.2005.1558852",
month="09"
}