@inproceedings{reactive,
author =       "Bjornson, J. and Tayanovskyy, A. and Granicz, A.",
title =        "Composing Reactive GUIs in F# Using WebSharper",
booktitle =    "Implementation and Application of Functional Languages",
year =         2011,
address =      "Heidelberg, Germany",
pages =        "203--216",
publisher =    "Springer",
}

@inproceedings{testing,
author =       "McCaffrey, J. D. and Bonar, A.",
title =        "A Case Study of the Factors Associated with Using the F# Programming Language for Software Test Automation",
booktitle =    "Proceedings of the Seventh International Conference on Information Technology",
year =         2010,
address =      "Los Alamitos, CA",
pages =        "1009-â€“1013",
publisher =    "IEEE Computer Society Press",
}

@inproceedings{pattern,
author =       "Syme, D. and Neverov, G. and Margetson, J.",
title =        "Extensible pattern matching via a lightweight language extension",
booktitle =    "ACM SIGPLAN Notices",
year =         2007,
address =      "New York, NY",
pages =        "29--40",
publisher =    "ACM Press",
}